
%KMeans clustering

@article{ART:Morisette,
author = {Morissette, Laurence and Chartier, Sylvain},
year = {2013},
month = {02},
pages = {15-24},
title = {The k-means clustering technique: General considerations and implementation in Mathematica},
volume = {9},
journal = {Tutorials in Quantitative Methods for Psychology},
doi = {10.20982/tqmp.09.1.p015}
}

@article{ART:Saxena,
author = {Saxena, Amit and Prasad, Mukesh and Gupta, Akshansh and Bharill, Neha and Patel, op and Tiwari, Aruna and Er, Meng and Ding, Weiping and Lin, Chin-Teng},
year = {2017},
month = {07},
pages = {},
title = {A Review of Clustering Techniques and Developments},
volume = {267},
journal = {Neurocomputing},
doi = {10.1016/j.neucom.2017.06.053}
}

@article{ART:Arshleen,
author = {Arshleen},
year = {2018},
month = {},
pages = {},
title = {K-Means Clustering Techniques - A Review},
volume = {8},
journal = {Pramana Research Journal},
doi = {}
}

@inproceedings{INP:Withey,
  title={A Review of Medical Image Segmentation: Methods and Available Software},
  author={D. Withey and Z. J. Koles},
  year={2008}
}

@inproceedings{INP:Ramella,
author = {Ramella, Giuliana and Sanniti di Baja, Gabriella},
year = {2016},
month = {01},
pages = {798-804},
title = {From Color Quantization to Image Segmentation},
doi = {10.1109/SITIS.2016.131}
}

@article{ART:Dharmarajan,
author = {Dharmarajan, A and T, Velmurugan},
year = {2015},
month = {08},
pages = {974-6846},
title = {Lung Cancer Data Analysis by k-means and Farthest First Clustering Algorithms},
volume = {8},
journal = {Indian Journal of Science and technology},
doi = {10.17485/ijst/2015/v8i15/73329}
}


@article{ART:Pham,
author = {Pham, Dzung L. and Xu, Chenyang and Prince, Jerry L.},
title = {Current Methods in Medical Image Segmentation},
journal = {Annual Review of Biomedical Engineering},
volume = {2},
number = {1},
pages = {315-337},
year = {2000},
doi = {10.1146/annurev.bioeng.2.1.315},
  note ={PMID: 11701515},
URL = {  https://doi.org/10.1146/annurev.bioeng.2.1.315},
eprint = { https://doi.org/10.1146/annurev.bioeng.2.1.315 },
}

@article{ART:Pooja,
author = {Pooja V. Supe, Prof. K. S. Bhagat, Dr J P Chaudhari},
title = {Image Segmentation and Classification for Medical Image Processing},
journal = {International Journal on Future Revolution in Computer Science \& Communication Engineering },
volume = {5},
number = {1},
pages = {45-52},
year = {},
doi = {},
 note ={},
URL = {  },
eprint = {  }
,
}

@article{ART:Ozturk,
    author = {Celal, Ozturk and Emrah, Hancer and Dervis, Karaboga},
    title = {Color Image Quantization: A Short Review and an Application with Artificial Bee Colony Algorithm},
    journal = {Informatica},
    volume = {25},
    number = {3},
    year = {2014},
    pages = {485-503},
    doi = {10.15388/Informatica.2014.25},
    issn = {0868-4952},
    publisher = {Vilnius University Institute of Data Science and Digital Technologies}
}

@article{ART:Collins ,
author = {Collins J Stern E J},
title = {Ground-glass opacity at CT: the ABCs},
journal = {American Journal of Roentgenology},
volume = {169},
year = {1997},
number = {},
pages = {355-366},
doi = {doi: 10.2214/ajr.169.2.9242736}
}

@article{ART:Austin,
author = {Austin, J. and MÃ¼ller, N and Friedman, P and Hansell, D and Naidich, David and Remy-Jardin, M and Webb, W and Zerhouni, E},
year = {1996},
month = {09},
pages = {327-31},
title = {Glossary of terms for CT of the lungs: Recommendations of the Nomenclature Committee of the Fleischner Society},
volume = {200},
journal = {Radiology},
doi = {10.1148/radiology.200.2.8685321}
}

@article{ART:Huang,
author = {Huang C, and Wang Y, and et al.},
year = {2020},
month = {02},
pages = {},
title = {Clinical features of patients infected with 2019 novel coronavirus in Wuhan, China},
volume = {},
journal = {Lancet},
doi = {10.1016/S0140-6736(20)30183-5}
}

@article{ART:Zhao,
author = {Fu, Zhao and et al.},
year = {2020},
month = {07},
pages = {},
title = {CT features of COVID-19 patients with two consecutive negative RT-PCR tests after treatment.},
volume = {},
journal = {Scientific reports},
doi = {10.1038/s41598-020-68509-x}
}

@article{ART:Bernheim,
author = {Bernheim, Adam and Mei, Xueyan and Huang, Mingqian and Yang, Yang and Fayad, Zahi A. and Zhang, Ning and Diao, Kaiyue and Lin, Bin and Zhu, Xiqi and Li, Kunwei and Li, Shaolin and Shan, Hong and Jacobi, Adam and Chung, Michael},
title = {Chest CT Findings in Coronavirus Disease-19 (COVID-19): Relationship
          to Duration of Infection},
journal = {Radiology},
volume = {295},
number = {3},
pages = {200463},
year = {2020},
doi = {10.1148/radiol.2020200463},
note ={PMID: 32077789},
URL = { https://doi.org/10.1148/radiol.2020200463    },
eprint = { https://doi.org/10.1148/radiol.2020200463}
}



@article{ART:Ai,
author = {Ai, Tao and Yang, Zhenlu and Hou, Hongyan and Zhan, Chenao and Chen, Chong and Lv, Wenzhi and Tao, Qian and Sun, Ziyong and Xia, Liming},
title = {Correlation of Chest CT and RT-PCR Testing for Coronavirus Disease 2019 (COVID-19) in China: A Report of 1014 Cases},
journal = {Radiology},
volume = {296},
number = {2},
pages = {E32-E40},
year = {2020},
doi = {10.1148/radiol.2020200642},
note ={PMID: 32101510},
URL = { https://doi.org/10.1148/radiol.2020200642},
eprint = { https://doi.org/10.1148/radiol.2020200642}
}

@article{ART:Abdullah,
  author = {A A Abdullah, and  et al.},
  title = "{Lung Cancer Nodule Extraction and 3D Modeling using Bit-Plane Slice and Outlining}",
  journal = {International Journal of Engineering Research & Technology (IJERT)},
  volume = {5},
  number = {},
  pages = {},
  year = {2016},
  month = {9},
  issn = {2278-0181},
}

@dataset{DATA:ZENODO,
  author       = {Ma Jun and
                  Ge Cheng and
                  Wang Yixin and
                  An Xingle and
                  Gao Jiantao and
                  Yu Ziqi and
                  Zhang Minqing and
                  Liu Xin and
                  Deng Xueyuan and
                  Cao Shucheng and
                  Wei Hao and
                  Mei Sen and
                  Yang Xiaoyu and
                  Nie Ziwei and
                  Li Chen and
                  Tian Lu and
                  Zhu Yuntao and
                  Zhu Qiongjie and
                  Dong Guoqiang and
                  He Jian},
  title        = {{COVID-19 CT Lung and Infection Segmentation
                   Dataset}},
  month        = apr,
  year         = 2020,
  publisher    = {Zenodo},
  version      = {Verson 1.0},
  doi          = {10.5281/zenodo.3757476},
  url          = {https://doi.org/10.5281/zenodo.3757476}
}


@article{ART:Rezatofighi,
   title={Generalized Intersection Over Union: A Metric and a Loss for Bounding Box Regression},
   ISBN={9781728132938},
   url={http://dx.doi.org/10.1109/CVPR.2019.00075},
   DOI={10.1109/cvpr.2019.00075},
   journal={2019 IEEE/CVF Conference on Computer Vision and Pattern Recognition (CVPR)},
   publisher={IEEE},
   author={Rezatofighi, Hamid and Tsoi, Nathan and Gwak, JunYoung and Sadeghian, Amir and Reid, Ian and Savarese, Silvio},
   year={2019},
   month={Jun}
}


@dataset{DATA:MOSMED,
  author       = {Morozov S.P.
                  Andreychenko A.E.
                  Pavlov, N.A.
                  Vladzymyrskyy
                  A.V. Ledikhova
                  N.V. Gombolevskiy
                  V.A. Blokhin I.A.
                  Gelezhe P.B.
                  Gonchar A.V.
                  and Chernina V.Y.},
  title        = {MosMedData: Chest CT Scans With COVID-19 Related Findings},

  year         = 2020,
  version      = {Verson 1.0},

  url          = {https://mosmed.ai/}
}


@misc{REP:CTLungSeg,
  author = {Riccardo, Biondi and Nico, Curti and Enrico, Giampieri and  Gastone, Castellani},
  title = {COVID-19 Lung Segmentation},
  year = {2020},
  publisher = {GitHub},
  howpublished = {\url{https://github.com/RiccardoBiondi/segmentation}}
}

@article{OpenCV,
  author = {Bradski, G.},
  citeulike-article-id = {2236121},
  journal = {Dr. Dobb's Journal of Software Tools},
  keywords = {bibtex-import},
  posted-at = {2008-01-15 19:21:54},
  priority = {4},
  title = {{The OpenCV Library}},
  year = {2000}
}

@inproceedings{Arthur2007,
author = {Arthur, David and Vassilvitskii, Sergei},
year = {2007},
month = {01},
pages = {1027-1035},
title = {K-Means++: The Advantages of Careful Seeding},
volume = {8},
journal = {Proc. of the Annu. ACM-SIAM Symp. on Discrete Algorithms},
doi = {10.1145/1283383.1283494}
}

@article{scikit-image,
 title = {scikit-image: image processing in {P}ython},
 author = {van der Walt, {S}t\'efan and {S}ch\"onberger, {J}ohannes {L}. and
           {Nunez-Iglesias}, {J}uan and {B}oulogne, {F}ran\c{c}ois and {W}arner,
           {J}oshua {D}. and {Y}ager, {N}eil and {G}ouillart, {E}mmanuelle and
           {Y}u, {T}ony and the scikit-image contributors},
 year = {2014},
 month = {6},
 keywords = {Image processing, Reproducible research, Education,
             Visualization, Open source, Python, Scientific programming},
 volume = {2},
 pages = {e453},
 journal = {PeerJ},
 issn = {2167-8359},
 url = {https://doi.org/10.7717/peerj.453},
 doi = {10.7717/peerj.453}
}

@InProceedings{ART:Choon,
author="Ng, Choon-Ching
and Yap, Moi Hoon
and Costen, Nicholas
and Li, Baihua",
editor="Cremers, Daniel
and Reid, Ian
and Saito, Hideo
and Yang, Ming-Hsuan",
title="Automatic Wrinkle Detection Using Hybrid Hessian Filter",
booktitle="Computer Vision -- ACCV 2014",
year="2015",
publisher="Springer International Publishing",
address="Cham",
pages="609--622",
isbn="978-3-319-16811-1"
}

@article{ART:Olaf,
  author    = {Olaf Ronneberger and
               Philipp Fischer and
               Thomas Brox},
  title     = {U-Net: Convolutional Networks for Biomedical Image Segmentation},
  journal   = {CoRR},
  volume    = {abs/1505.04597},
  year      = {2015},
  url       = {http://arxiv.org/abs/1505.04597},
  archivePrefix = {arXiv},
  eprint    = {1505.04597},
  timestamp = {Mon, 13 Aug 2018 16:46:52 +0200},
  biburl    = {https://dblp.org/rec/journals/corr/RonnebergerFB15.bib},
  bibsource = {dblp computer science bibliography, https://dblp.org}
}

@article{ART:Johannes,
  author    = {Hofmanninger,Johannes
                Prayer Forian
                Pan Jeanny
                RÃ¶hrich Sebastian
                Prosch Helmut
                Langs Georg},
  title     = {Automatic lung segmentation in routine imaging is primarily a data diversity problem, not a methodology problem},
  journal   = {European Radiology Experimental},
  volume    = {4},
  year      = {2020},
  issn = {1},
  doi = {10.1186/s41747-020-00173-2},
  url       = {https://doi.org/10.1186/s41747-020-00173-2}
}


@misc{REP:lungmask,
  author = {Johannes Hofmanninger, Hoa Nguyen},
  title = {Automated lung segmentation in CT under presence of severe pathologies},
  year = {2020},
  publisher = {GitHub},
  howpublished = {\url{https://github.com/JoHof/lungmask}},
}

@ARTICLE{SimpleITK,

AUTHOR={Lowekamp, Bradley and Chen, David and Ibanez, Luis and Blezek, Daniel},

TITLE={The Design of SimpleITK},

JOURNAL={Frontiers in Neuroinformatics},

VOLUME={7},

PAGES={45},

YEAR={2013},

URL={https://www.frontiersin.org/article/10.3389/fninf.2013.00045},

DOI={10.3389/fninf.2013.00045},

ISSN={1662-5196},

}

@book{Numpy,
  title={A guide to NumPy},
  author={Oliphant, Travis E},
  volume={1},
  year={2006},
  publisher={Trelgol Publishing USA}
}


@misc{PhDtheis,
  author = {Nico Curti},
  title = {Implementation and optimization of algorithms in Biomedical Big Data Analytics},
  year = {2019},
  publisher = {GitHub},
  journal = {GitHub repository},
  howpublished = {\url{https://nico-curti2.gitbook.io/phd-thesis/}},
}

@software{skopt,
  author       = {Head, Tim and
                  Kumar, Manoj and
                  Nahrstaedt, Holger and
                  Louppe, Gilles and
                  Shcherbatyi, Iaroslav},
  title        = {scikit-optimize/scikit-optimize},
  month        = sep,
  year         = 2020,
  publisher    = {Zenodo},
  version      = {v0.8.1},
  doi          = {10.5281/zenodo.4014775},
  url          = {https://doi.org/10.5281/zenodo.4014775}
}
